@book {
    norman,
    author = {Donald Norman},
    title = {The Design of Everyday Things: Revised and Expanded Edition},
    year = {2013},
    publisher = {Basic Books},
    keywords = {Interaction Design, feedback, conceptual model}
}

@book {
    normanold,
    author = {Donald Norman},
    title = {The Design of Everyday Things},
    year = {1988},
    publisher = {The MIT Press},
    keywords = {Interaction Design, feedback, conceptual model}
}

@book {
    schell,
    author = {Jesse Schell},
    title = {The Art of Game Design: A Book of Lenses},
    year = {2008},
    publisher = {Morgan Kaufmann},
    keywords = {puzzle method, game design}
}

@book {
    salen,
    author = {Katie Salen and Eric Zimmerman},
    title = {Rules of Play: Game Design Fundamentals},
    year = {2003},
    publisher = {The MIT Press},
    keywords = {Systems, game design}
}

@book {
    fullerton,
    author = {Tracy Fullerton},
    title = {Game Design Workshop: A Playcentric Approach to Creating Innovative Games},
    year = {2014},
    edition = {3rd},
    publisher = {CRC Press}
}

@book {
    buxton,
    author = {Bill Buxton},
    title = {Sketching User Experiences: Getting the design right and the right design},
    year = {2007},
    publisher = {Morgan Kaufmann}
}

@article {
    mda,
    author = {Robin Hunicke and Marc LeBlanc and Robert Zubek},
    title = {MDA: A Formal Approach to Game Design and Game Research},
    year = {2004},
    journal = {Proceedings of the AAAI Workshop on Challenges in Game AI (Vol. 4, No. 1, p. 1722)}
}

@article {
    prototype,
    author = {Stephanie Houde and Charles Hill},
    title = {What do Prototypes Prototype?},
    year = {1997},
    journal = {Handbook of Human-Computer Interaction (2nd Ed.)}
}

@article {
    sicart,
    author = {Miguel Sicart},
    title = {Defining Game Mechanics},
    year = {2008},
    journal = {the international journal of
computer game research, volume 8 issue 2}
}

@book {
    level,
    author = {Rudolf Kremers},
    title = {Level Design: Concept, theory, and Practice},
    year = {2009},
    publisher = {CRC Press}
}

@Book{mullen,
 author = {Mullen, Tony},
 title = {Mastering Blender},
 publisher = {Wiley Pub},
 year = {2009},
 address = {Indianapolis, Ind},
 isbn = {9780470496848}
 }

 @article{
  semantics,
  author = {Krippendorff, Klaus and Butter, Reinhart},
  year = {1984},
  title = {Product Semantics - Exploring the Symbolic Qualities of Form},
  volume = {3},
  journal = {Departmental Papers (ASC)}
}
